@article{Garoby2017,
doi = {10.1088/1402-4896/aa9bff},
year = 2017,
month = {dec},
publisher = {{IOP} Publishing},
volume = {93},
number = {1},
pages = {014001},
author = {Roland Garoby and A Vergara and H Danared and I Alonso and E Bargallo and B Cheymol and C Darve and M Eshraqi and H Hassanzadegan and A Jansson and I Kittelmann and Y Levinsen and M Lindroos and C Martins and {\O} Midttun and R Miyamoto and S Molloy and D Phan and A Ponton and E Sargsyan and T Shea and A Sunesson and L Tchelidze and C Thomas and M Jensen and W Hees and P Arnold and M Juni-Ferreira and F Jensen and A Lundmark and D McGinnis and N Gazis and J Weisend II and M Anthony and E Pitcher and L Coney and M Gohran and J Haines and R Linander and D Lyngh and U Oden and H Carling and R Andersson and S Birch and J Cereijo and T Friedrich and T Korhonen and E Laface and M Mansouri-Sharifabad and A Monera-Martinez and A Nordt and D Paulic and D Piso and S Regnell and M Zaera-Sanz and M Aberg and K Breimer and K Batkov and Y Lee and L Zanini and M Kickulies and Y Bessler and J Ringn{\'{e}}r and J Jurns and A Sadeghzadeh and P Nilsson and M Olsson and J-E Presteng and H Carlsson and A Polato and J Harborn and K Sj√∂green and G Muhrer and F Sordo},
title = {The European Spallation Source Design},
journal = {Physica Scripta},
abstract = {}
}

@article{Duperrier2000,
  title = {TOUTATIS: A radio frequency quadrupole code},
  author = {Duperrier, Romuald},
  journal = {Phys. Rev. ST Accel. Beams},
  volume = {3},
  issue = {12},
  pages = {124201},
  numpages = {5},
  year = {2000},
  month = {Dec},
  publisher = {American Physical Society},
  doi = {10.1103/PhysRevSTAB.3.124201},
}


@InProceedings{ChirpazIPAC2016,
  author       = {D. Chirpaz-Cerbat and others},
  title        = {{S}tatus of the {ESS} {RFQ}},
  booktitle    = {Proc. of IPAC'16},
  pages        = {974--976},
  language     = {english},
  venue        = {Busan, Korea},
  series       = {International Particle Accelerator Conference},
  number       = {7},
  publisher    = {JACoW},
  address      = {Geneva, Switzerland},
  month        = {June},
  year         = {2016},
  isbn         = {978-3-95450-147-2},
  doi          = {doi:10.18429/JACoW-IPAC2016-MOPOY054},
}