% Encoding: UTF-8

@Article{Peggs2013,
  author = {Peggs, S.},
  title  = {ESS Technical Design Report},
  year   = {2013},
}

@Article{Elmfors199713,
  author  = {Elmfors, P. and Fassò, A. and Huhtinen, M. and Lindroos, M. and Olsfors, J. and Raich, U.},
  title   = {Wire scanners in low energy accelerators},
  journal = {Nuclear Instruments and Methods in Physics Research, Section A: Accelerators, Spectrometers, Detectors and Associated Equipment},
  year    = {1997},
  volume  = {396},
  number  = {1-2},
  pages   = {13-22},
  note    = {cited By 16},
  doi     = {10.1016/S0168-9002(97)00726-2},
}

@Article{Cheymol19571,
  author  = {Cheymol, B.},
  title   = {Wire grid and wire scanner design for the CERN linac4},
  journal = {Phys. Rev.},
  year    = {1957},
  volume  = {108},
  number  = {1957},
  pages   = {1},
  note    = {cited By 1},
}

@Article{Cheymol2013,
  author  = {Cheymol, B and Jansson, A and Shea, T},
  title   = {Wire scanner design for the European Spallation Source},
  journal = {IBIC 2013: Proceedings of the 2nd International Beam Instrumentation Conference},
  year    = {2013},
  pages   = {830-832},
}

@PhdThesis{egber2012,
  author = {Egberts, Jan},
  title  = {IFMIF-LIPAc Beam Diagnostics. Profiling and Loss Monitoring Systems},
  year   = {2012},
  note   = {Thèse de doctorat dirigée par Napoly, Olivier Physique Paris 11 2012},
  url    = {http://www.theses.fr/2012PA112194},
}

@InProceedings{Shea:IBIC2017-MO2AB2,
  author    = {T.J. Shea and others},
  title     = {{O}verview and {S}tatus of {D}iagnostics for the {ESS} {P}roject},
  booktitle = {Proc. of International Beam Instrumentation Conference (IBIC'17), Grand Rapids, MI, USA, 20-24 August 2017},
  year      = {2018},
  doi       = {10.18429/JACoW-IBIC2017-MO2AB2},
  keywords  = {ion, target, detector, linac, proton},
}

@Article{shea2013,
  author   = {T.J. Shea and others},
  title   = {Proton Beam Measurement Strategy for the 5 {MW} European Spallation Source Target},
  journal = {IBIC 2013: Proceedings of the 2nd International Beam Instrumentation Conference},
  year    = {2013},
}

@Article{Thomas2016,
  author  = {Thomas, C. and Galh, T. and Grandsaert, T. and Kocevar, H. and Lee, J.H. and Serrano, A. and Shea, T.},
  title   = {{D}esign and Implementation of Non-Invasive Profile Monitors for the {ESS} {LEBT}},
  journal = {IBIC 2016: Proceedings of the 5th International Beam Instrumentation Conference},
  year    = {2016},
}

@Comment{jabref-meta: databaseType:biblatex;}
