% Encoding: UTF-8

@book{feynman2011feynman,
  title={The Feynman Lectures on Physics, Vol. II: The New Millennium Edition: Mainly Electromagnetism and Matter},
  author={Feynman, R.P. and Leighton, R.B. and Sands, M.},
  isbn={9780465024940},
  lccn={2010938208},
  series={Feynman Lectures on Physics},
  url={https://books.google.fr/books?id=hlRhwGK40fgC},
  year={2011},
  publisher={Basic Books}
}

@Article{Qin2013,
  author    = {Hong Qin and Shuangxi Zhang and Jianyuan Xiao and Jian Liu and Yajuan Sun and William M. Tang},
  title     = {Why is Boris algorithm so good?},
  journal   = {Physics of Plasmas},
  year      = {2013},
  volume    = {20},
  number    = {8},
  pages     = {084503},
  month     = {aug},
  doi       = {10.1063/1.4818428},
  publisher = {{AIP} Publishing},
}

@Book{Jackson1998,
  title     = {Classical Electrodynamics},
  publisher = {John Wiley \& Sons Inc},
  year      = {1998},
  author    = {Jackson, John David},
  isbn      = {047130932X},
  date      = {1998-07-27},
  ean       = {9780471309321},
  pagetotal = {832},
  url       = {https://www.ebook.de/de/product/3240907/john_david_jackson_classical_electrodynamics.html},
}

@InProceedings{Boris1970,
  author    = {Boris, J. P.},
  title     = {{R}elativistic plasma simulation â€” {O}ptimization of a hybrid code},
  booktitle = {Proceedings of the Fourth Conference on the Numerical Simulation of Plasmas},
  year      = {1970},
  pages     = {3--67},
}

@Comment{jabref-meta: databaseType:bibtex;}
