% Encoding: UTF-8

@Misc{caramel2013,
author = {David Etasse and Benjamin Carniol and Cathy Fontbonne and Jean-Marc Fontbonne and Julien Harang and Jean Hommet and Hervé Plard and Jérôme Poincheval},
title  = {{CAR}te {A}cquisition {M}ultivoies {EL}ectromètre},
year   = {2013},
url    = {http://faster.in2p3.fr/index.php/introduction/hardware/daughter-boards/61-caramel},
}

@Misc{faster2013,
  author = {David Etasse and Benjamin Carniol and Cathy Fontbonne and Jean-Marc Fontbonne and Julien Harang and Jean Hommet and Hervé Plard and Jérôme Poincheval},
  title  = {FASTER, a modular digital acquisition system based upon a synchronized tree model},
  year   = {2013},
  url    = {http://faster.in2p3.fr/index.php/about-faster},
}

@Misc{rhb2012,
author = {T. Chaventré and D. Cussol},
title  = {{ROOT} {H}istogram {B}uilder},
year   = {2012},
url    = {http://faster.in2p3.fr/index.php/rhb},
}

@Misc{deltatau2019,
  organization = {Delta Tau},
  title  = {Delta Tau, Geo Brick},
  year   = {2019},
  url    = {http://www.deltatau.com/},
}

@online{blackfly2017,
title        = {{EMVA} 1288 {B}lackfly {G}ig{E} {P}o{E} {I}maging {P}erformance},
author = {{FLIR Integrated Imaging Solutions Inc}},
month        = jan,
year         = {2017},
url          = {https://www.ptgrey.com/support/downloads/10107},
}

@Standard{genicam2016,
title        = {{G}en{IC}am {S}tandard},
organization = {European Machine Vision Association EMVA},
month        = jun,
year         = {2018},
}

@Standard{emva2016,
title        = {{S}tandard for {C}haracterization of {I}mage {S}ensors and {C}ameras},
organization = {European Machine Vision Association EMVA},
month        = dec,
year         = {2016},
}

@Misc{iseg2019,
  title        = {iseg, high voltage power supplies},
  author = {{iseg Spezialelektronik GmbH}},
  year         = {2019},
  url          = {https://iseg-hv.com/en},
}

@Misc{ddc316,
author = {{Texas Instruments}},
title = {{DDC316}, {16}-{C}hannel {C}urrent-{I}nput 16-{B}it {A}nalog-to-{D}igital {C}onverter},
month = mar,
year  = {2008},
url   = {http://www.ti.com/product/DDC316},
}

@TechReport{Vishay2012,
author      = {Vishay},
title       = {{S}tandard {S}eries {V}alues in a {D}ecade for {R}esistances and {C}apacitances},
organization = {Vishay},
year        = {2012},
url   = {https://www.vishay.com/docs/28372/e-series.pdf},

}

@Misc{epics2019,
  author = {{EPICS Collaboration}},
  title  = {EPICS, a set of Open Source software tools, libraries and applications developed collaboratively and used worldwide to create distributed soft real-time control systems for scientific instruments such as a particle accelerators, telescopes and other large scientific experiments.},
  year   = {2019},
  url    = {https://epics-controls.org/},
}

@Misc{ad2019,
  author = {Mark Rivers},
  title  = {areaDetector, an application for controlling area (2-D) detectors, including CCDs, pixel array detectors, and online imaging plates.},
  year   = {2019},
  url    = {http://cars9.uchicago.edu/software/epics/areaDetector.html},
}

@Misc{streamdevice2019,
  author = {Dirk Zimoch},
  title  = {StreamDevice, a generic EPICS device support for devices with a "byte stream" based communication interface.},
  year   = {2019},
  url    = {https://paulscherrerinstitute.github.io/StreamDevice/},
}

@Misc{archiver2019,
  author = {Murali Shankar},
  title = {EPICS Archiver Appliance, an implementation of an archiver for EPICS control systems that aims to archive millions of PVs.},
  year   = {2019},
  url    = {https://slacmshankar.github.io/epicsarchiver_docs/index.html},
}

@Misc{blackfly2019,
author = {{PtGrey}},
title        = {{B}lackfly 2.3 {MP} Mono {G}igE {PoE} ({S}ony {P}regius {IMX249})},
year         = {2019},
url          = {https://www.flir.com/products/blackfly-gige/?model=BFLY-PGE-23S6M-C},
}

@Article{emva2010,
  author    = {EMVA},
  title     = {Emva Standard 1288 Release 3.0},
  year      = {2010},
  url       = {https://www.emva.org/wp-content/uploads/EMVA1288-3.0.pdf},
  keywords  = {standardization, digital camera, image sensor, DSNU, PRNU, quantum efficiency, noise, linearity},
}

@Article{Wang2018,
  author    = {Congzheng Wang and Song Hu and Chunming Gao and Chang Feng},
  title     = {Nuclear Radiation Degradation Study on {HD} Camera Based on {CMOS} Image Sensor at Different Dose Rates},
  journal   = {Sensors},
  year      = {2018},
  volume    = {18},
  number    = {2},
  month     = {feb},
  pages     = {514},
  doi       = {10.3390/s18020514},
  publisher = {{MDPI} {AG}},
}

@article{Kraus2011,
  doi = {10.1088/1748-0221/6/01/c01079},
  year = {2011},
  month = jan,
  publisher = {{IOP} Publishing},
  volume = {6},
  number = {01},
  pages = {C01079--C01079},
  author = {V Kraus and M Holik and J Jakubek and M Kroupa and P Soukup and Z Vykydal},
  title = {{FITPix} {\textemdash} fast interface for Timepix pixel detectors},
  journal = {Journal of Instrumentation}
}

@Misc{advacam2019,
  author = {ADVACAM},
  title = {ADVACAM - Imaging the unseen},
  year   = {2019},
  url    = {http://advacam.com/},
}

@TechReport{CyrilleCDR2019,
  author      = {Cyrille Thomas},
  title       = {{NPM} {CDR}, Optical Systems for the {NPM} Long Distance Imaging},
  organization = {ESS},
  year        = {2019},
}

@TechReport{JacquesCDR2019,
  author      = {Jacques Marroncle},
  title       = {{NPM} {CDR}, Towards cNPM manufacturing},
  organization = {CEA},
  year        = {2019},
}

@Misc{PhotonisEGA,
author = {Photonis},
title        = {{E}lectron {G}enerator {A}rrays },
year         = {2019},
url          = {https://www.photonis.com/products/electron-generator-arrays},
}

@Misc{HamamatsuUV,
author = {Hamamatsu},
title        = {Deuterium Lamps},
year         = {2019},
url          = {https://www.hamamatsu.com/eu/en/product/light-and-radiation-sources/lamp/deuterium-lamp/index.html},
}

@Misc{NewportUV,
  author = {Newport},
  title        = {Deuterium Lamps},
  year         = {2019},
  url          = {https://www.newport.com/f/deuterium-lamps},
}

@Comment{jabref-meta: databaseType:bibtex;}
