@Manual{HamamatsuMCP,
  author = {Hamamatsu},
  title  = {MicroChannel Plate and MicroChannel Plate assembly},
  year   = {2018},
  url    = {https://www.hamamatsu.com/eu/en/product/optical-sensors/electron_ion-sensor/mcp/index.html},
}

@Article{Wiza1979,
  author    = {Joseph Ladislas Wiza},
  title     = {Microchannel plate detectors},
  journal   = {Nuclear Instruments and Methods},
  year      = {1979},
  volume    = {162},
  number    = {1-3},
  month     = {jun},
  pages     = {587--601},
  doi       = {10.1016/0029-554x(79)90734-1},
  publisher = {Elsevier {BV}},
}

@Article{Hong2016,
  author    = {R. Hong and A. Leredde and Y. Bagdasarova and X. Fl{\'{e}}chard and A. Garc{\'{\i}}a and P. MÃ¼ller and A. Knecht and E. Li{\'{e}}nard and M. Kossin and M.G. Sternberg and H.E. Swanson and D.W. Zumwalt},
  title     = {High accuracy position response calibration method for a micro-channel plate ion detector},
  journal   = {Nuclear Instruments and Methods in Physics Research Section A: Accelerators, Spectrometers, Detectors and Associated Equipment},
  year      = {2016},
  volume    = {835},
  pages     = {42--50},
  month     = {nov},
  doi       = {10.1016/j.nima.2016.08.024},
  publisher = {Elsevier {BV}},
}