% Encoding: UTF-8

@Book{Latham1995,
  author    = {R. V. Latham and N.S. Xu and H.C. Miller and G. Blaise and C. Le Gressus and A. Maitland and A.M. Schroff and H. Padamsee and M.F. Rose and B. Mazurek and B. GA. Juttner},
  title     = {High voltage vacuum insulation: {B}asic concepts and technological practice},
  year      = {1995},
  publisher = {Academic Press},
  isbn      = {9780080533971},
  pagetotal = {568},
}

@Article{Hadamard1902,
  author  = {J. Hadamard},
  title   = {Sur les problèmes aux dérivées partielles et leur signification physique},
  journal = {Princeton University Bulletin},
  year    = {1902},
  volume  = {13},
  pages   = {49--52},
}

@Article{Franke1982,
  author    = {Richard Franke},
  title     = {Scattered Data Interpolation: Tests of Some Method},
  journal   = {Mathematics of Computation},
  year      = {1982},
  volume    = {38},
  number    = {157},
  month     = {jan},
  pages     = {181},
  doi       = {10.2307/2007474},
  publisher = {{JSTOR}},
}

@PhdThesis{Wright2003,
  author      = {Grady Wright},
  title       = {{R}adical {B}asis {F}unction {I}nterpolation: {N}umerical and {A}nalytical {D}evelopments},
  institution = {University of Colorado},
  year        = {2003},
}

@Misc{ISO14644,
type = {Standard},
key = {ISO14644},
month = dec,
year = {2015},
title = {{ISO 14644-1:2015 — Cleanrooms and associated controlled environments -- Part 1: Classification of air cleanliness by particle concentration}},
volume = {2015},
address = {Geneva, CH},
author = {{International Organization for Standardization}}
}

@Comment{jabref-meta: databaseType:biblatex;}
