% Encoding: UTF-8

@Article{Patrignani:2016xqp,
  author        = {Patrignani, C. and others},
  title         = {{Review of Particle Physics}},
  journal       = {Chin. Phys.},
  year          = {2016},
  volume        = {C40},
  number        = {10},
  pages         = {100001},
  collaboration = {Particle Data Group},
  doi           = {10.1088/1674-1137/40/10/100001},
  slaccitation  = {%%CITATION = CHPHD,C40,100001;%%},
}

@InCollection{Ziegler1985,
  author    = {James F. Ziegler and Jochen P. Biersack},
  title     = {The Stopping and Range of Ions in Matter},
  booktitle = {Treatise on Heavy-Ion Science},
  publisher = {Springer {US}},
  year      = {1985},
  pages     = {93--129},
  doi       = {10.1007/978-1-4615-8103-1_3},
}

@Comment{jabref-meta: databaseType:bibtex;}
