@article{bultheel2014,
  title={Wavelets with applications in signal and image processing},
  author={Bultheel, Adhemar and Huybrechs, Daan},
  year={2014},
  url = {http://citeseerx.ist.psu.edu/viewdoc/download?doi=10.1.1.724.1544&rep=rep1&type=pdf},
}

@book{Burrus1997,
  title={Introduction to Wavelets and Wavelet Transforms: A Primer},
  author={Charles Sidney Burrus and Ramesh Gopinath and Haitao Guo},
  year={1997},
}

@book{Burrus2012,
  title={Fast Fourier Transforms},
  author={Charles Sidney Burrus},
  year={2012},
}

