% Encoding: UTF-8

@Article{Hamel_2008,
  author    = {Louis-Andr{\'{e}} Hamel and Manuel Julien},
  title     = {Generalized demonstration of Ramo{\textquotesingle}s theorem with space charge and polarization effects},
  journal   = {Nuclear Instruments and Methods in Physics Research Section A: Accelerators, Spectrometers, Detectors and Associated Equipment},
  year      = {2008},
  volume    = {597},
  number    = {2-3},
  pages     = {207--211},
  month     = {dec},
  doi       = {10.1016/j.nima.2008.09.008},
  file      = {:K\:\\Bibliographie\\ShockleyRamoTheorem\\GeneralizedDemonstrationOfRamosTheorem_HAMEL_2008.pdf:PDF},
  publisher = {Elsevier {BV}},
  url       = {http://dx.doi.org/10.1016/j.nima.2008.09.008},
}

@Article{He_2001,
  author    = {Zhong He},
  title     = {Review of the Shockley{\textendash}Ramo theorem and its application in semiconductor gamma-ray detectors},
  journal   = {Nuclear Instruments and Methods in Physics Research Section A: Accelerators, Spectrometers, Detectors and Associated Equipment},
  year      = {2001},
  volume    = {463},
  number    = {1-2},
  pages     = {250--267},
  month     = {may},
  doi       = {10.1016/S0168-9002(01)00223-6},
  file      = {:K\:\\Bibliographie\\ShockleyRamoTheorem\\ReviewOfTheShockleyRamoTheorem_ZHONG_2000.pdf:PDF},
  publisher = {Elsevier {BV}},
  url       = {http://dx.doi.org/10.1016/S0168-9002(01)00223-6},
}

@Article{Jen1941,
  author    = {C.K. Jen},
  title     = {On the Energy Equation in Electronics at Ultra-High Frequencies},
  journal   = {Proceedings of the {IRE}},
  year      = {1941},
  volume    = {29},
  number    = {8},
  pages     = {464--466},
  month     = {aug},
  doi       = {10.1109/JRPROC.1941.231303},
  file      = {:01694322.pdf:PDF},
  publisher = {Institute of Electrical and Electronics Engineers ({IEEE})},
  url       = {http://dx.doi.org/10.1109/JRPROC.1941.231303},
}

@Article{Jen_1941,
  author    = {C.K. Jen},
  title     = {On the Induced Current and Energy Balance in Electronics},
  journal   = {Proceedings of the {IRE}},
  year      = {1941},
  volume    = {29},
  number    = {6},
  pages     = {345--349},
  month     = {jun},
  doi       = {10.1109/JRPROC.1941.230316},
  file      = {:01694287.pdf:PDF},
  publisher = {Institute of Electrical and Electronics Engineers ({IEEE})},
  url       = {http://dx.doi.org/10.1109/JRPROC.1941.230316},
}

@Article{Ramo_1939,
  author    = {S. Ramo},
  title     = {Currents Induced by Electron Motion},
  journal   = {Proceedings of the {IRE}},
  year      = {1939},
  volume    = {27},
  number    = {9},
  pages     = {584--585},
  month     = {sep},
  doi       = {10.1109/JRPROC.1939.228757},
  file      = {:K\:\\Bibliographie\\ShockleyRamoTheorem\\CurrentInducedByElectronMotion_RAMO_1939.pdf:PDF},
  publisher = {Institute of Electrical and Electronics Engineers ({IEEE})},
  url       = {http://dx.doi.org/10.1109/JRPROC.1939.228757},
}

@Article{Shockley_1938,
  author    = {W. Shockley},
  title     = {Currents to Conductors Induced by a Moving Point Charge},
  journal   = {J. Appl. Phys.},
  year      = {1938},
  volume    = {9},
  number    = {10},
  pages     = {635},
  doi       = {10.1063/1.1710367},
  file      = {:K\:\\Bibliographie\\ShockleyRamoTheorem\\CurrentsToConductorsInducedByAMovingPointCharge_SHOCKLEY_1938.pdf:PDF},
  publisher = {{AIP} Publishing},
  url       = {http://dx.doi.org/10.1063/1.1710367},
}

@Article{Williams1973,
  author    = {Raymond N. Williams and Ewan M. Lawson},
  title     = {Formation of current pulses in semiconductor nuclear radiation detectors},
  journal   = {Nuclear Instruments and Methods},
  year      = {1973},
  volume    = {113},
  number    = {4},
  pages     = {597--598},
  month     = {dec},
  doi       = {10.1016/0029-554x(73)90755-6},
  publisher = {Elsevier {BV}},
}

@Article{Cavalleri1971,
  author    = {G. Cavalleri and E. Gatti and G. Fabri and V. Svelto},
  title     = {Extension of Ramo{\textquotesingle}s theorem as applied to induced charge in semiconductor detectors},
  journal   = {Nuclear Instruments and Methods},
  year      = {1971},
  volume    = {92},
  number    = {1},
  pages     = {137--140},
  month     = {mar},
  doi       = {10.1016/0029-554x(71)90235-7},
  publisher = {Elsevier {BV}},
}

@Comment{jabref-meta: databaseType:bibtex;}
