% Encoding: UTF-8

@Article{Brun1997,
  author    = {Rene Brun and Fons Rademakers},
  title     = {{ROOT} {\textemdash} An object oriented data analysis framework},
  journal   = {Nuclear Instruments and Methods in Physics Research Section A: Accelerators, Spectrometers, Detectors and Associated Equipment},
  year      = {1997},
  volume    = {389},
  number    = {1-2},
  pages     = {81--86},
  month     = {apr},
  doi       = {10.1016/s0168-9002(97)00048-x},
  publisher = {Elsevier {BV}},
}

@Article{Agostinelli2003,
  author    = {S. Agostinelli and J. Allison and K. Amako and J. Apostolakis and H. Araujo and P. Arce and M. Asai and D. Axen and S. Banerjee and G. Barrand and F. Behner and L. Bellagamba and J. Boudreau and L. Broglia and A. Brunengo and H. Burkhardt and S. Chauvie and J. Chuma and R. Chytracek and G. Cooperman and G. Cosmo and P. Degtyarenko and A. Dell{\textquotesingle}Acqua and G. Depaola and D. Dietrich and R. Enami and A. Feliciello and C. Ferguson and H. Fesefeldt and G. Folger and F. Foppiano and A. Forti and S. Garelli and S. Giani and R. Giannitrapani and D. Gibin and J.J. G{\'{o}}mez Cadenas and I. Gonz{\'{a}}lez and G. Gracia Abril and G. Greeniaus and W. Greiner and V. Grichine and A. Grossheim and S. Guatelli and P. Gumplinger and R. Hamatsu and K. Hashimoto and H. Hasui and A. Heikkinen and A. Howard and V. Ivanchenko and A. Johnson and F.W. Jones and J. Kallenbach and N. Kanaya and M. Kawabata and Y. Kawabata and M. Kawaguti and S. Kelner and P. Kent and A. Kimura and T. Kodama and R. Kokoulin and M. Kossov and H. Kurashige and E. Lamanna and T. Lamp{\'{e}}n and V. Lara and V. Lefebure and F. Lei and M. Liendl and W. Lockman and F. Longo and S. Magni and M. Maire and E. Medernach and K. Minamimoto and P. Mora de Freitas and Y. Morita and K. Murakami and M. Nagamatu and R. Nartallo and P. Nieminen and T. Nishimura and K. Ohtsubo and M. Okamura and S. O{\textquotesingle}Neale and Y. Oohata and K. Paech and J. Perl and A. Pfeiffer and M.G. Pia and F. Ranjard and A. Rybin and S. Sadilov and E. Di Salvo and G. Santin and T. Sasaki and N. Savvas and Y. Sawada and S. Scherer and S. Sei and V. Sirotenko and D. Smith and N. Starkov and H. Stoecker and J. Sulkimo and M. Takahata and S. Tanaka and E. Tcherniaev and E. Safai Tehrani and M. Tropeano and P. Truscott and H. Uno and L. Urban and P. Urban and M. Verderi and A. Walkden and W. Wander and H. Weber and J.P. Wellisch and T. Wenaus and D.C. Williams and D. Wright and T. Yamada and H. Yoshida and D. Zschiesche},
  title     = {Geant4{\textemdash}a simulation toolkit},
  journal   = {Nuclear Instruments and Methods in Physics Research Section A: Accelerators, Spectrometers, Detectors and Associated Equipment},
  year      = {2003},
  volume    = {506},
  number    = {3},
  pages     = {250--303},
  month     = {jul},
  doi       = {10.1016/s0168-9002(03)01368-8},
  publisher = {Elsevier {BV}},
}

@Article{Allison2016,
  author    = {J. Allison and K. Amako and J. Apostolakis and P. Arce and M. Asai and T. Aso and E. Bagli and A. Bagulya and S. Banerjee and G. Barrand and B.R. Beck and A.G. Bogdanov and D. Brandt and J.M.C. Brown and H. Burkhardt and Ph. Canal and D. Cano-Ott and S. Chauvie and K. Cho and G.A.P. Cirrone and G. Cooperman and M.A. Cort{\'{e}}s-Giraldo and G. Cosmo and G. Cuttone and G. Depaola and L. Desorgher and X. Dong and A. Dotti and V.D. Elvira and G. Folger and Z. Francis and A. Galoyan and L. Garnier and M. Gayer and K.L. Genser and V.M. Grichine and S. Guatelli and P. Gu{\`{e}}ye and P. Gumplinger and A.S. Howard and I. H{\v{r}}ivn{\'{a}}{\v{c}}ov{\'{a}} and S. Hwang and S. Incerti and A. Ivanchenko and V.N. Ivanchenko and F.W. Jones and S.Y. Jun and P. Kaitaniemi and N. Karakatsanis and M. Karamitros and M. Kelsey and A. Kimura and T. Koi and H. Kurashige and A. Lechner and S.B. Lee and F. Longo and M. Maire and D. Mancusi and A. Mantero and E. Mendoza and B. Morgan and K. Murakami and T. Nikitina and L. Pandola and P. Paprocki and J. Perl and I. Petrovi{\'{c}} and M.G. Pia and W. Pokorski and J.M. Quesada and M. Raine and M.A. Reis and A. Ribon and A. Risti{\'{c}} Fira and F. Romano and G. Russo and G. Santin and T. Sasaki and D. Sawkey and J.I. Shin and I.I. Strakovsky and A. Taborda and S. Tanaka and B. Tom{\'{e}} and T. Toshito and H.N. Tran and P.R. Truscott and L. Urban and V. Uzhinsky and J.M. Verbeke and M. Verderi and B.L. Wendt and H. Wenzel and D.H. Wright and D.M. Wright and T. Yamashita and J. Yarba and H. Yoshida},
  title     = {Recent developments in Geant 4},
  journal   = {Nuclear Instruments and Methods in Physics Research Section A: Accelerators, Spectrometers, Detectors and Associated Equipment},
  year      = {2016},
  volume    = {835},
  pages     = {186--225},
  month     = {nov},
  doi       = {10.1016/j.nima.2016.06.125},
  publisher = {Elsevier {BV}},
}

@Article{Allison2006,
  author    = {J. Allison and K. Amako and J. Apostolakis and H. Araujo and P. Arce Dubois and M. Asai and G. Barrand and R. Capra and S. Chauvie and R. Chytracek and G.A.P. Cirrone and G. Cooperman and G. Cosmo and G. Cuttone and G.G. Daquino and M. Donszelmann and M. Dressel and G. Folger and F. Foppiano and J. Generowicz and V. Grichine and S. Guatelli and P. Gumplinger and A. Heikkinen and I. Hrivnacova and A. Howard and S. Incerti and V. Ivanchenko and T. Johnson and F. Jones and T. Koi and R. Kokoulin and M. Kossov and H. Kurashige and V. Lara and S. Larsson and F. Lei and O. Link and F. Longo and M. Maire and A. Mantero and B. Mascialino and I. McLaren and P. Mendez Lorenzo and K. Minamimoto and K. Murakami and P. Nieminen and L. Pandola and S. Parlati and L. Peralta and J. Perl and A. Pfeiffer and M.G. Pia and A. Ribon and P. Rodrigues and G. Russo and S. Sadilov and G. Santin and T. Sasaki and D. Smith and N. Starkov and S. Tanaka and E. Tcherniaev and B. Tome and A. Trindade and P. Truscott and L. Urban and M. Verderi and A. Walkden and J.P. Wellisch and D.C. Williams and D. Wright and H. Yoshida},
  title     = {Geant4 developments and applications},
  journal   = {{IEEE} Transactions on Nuclear Science},
  year      = {2006},
  volume    = {53},
  number    = {1},
  pages     = {270--278},
  month     = {feb},
  doi       = {10.1109/tns.2006.869826},
  publisher = {Institute of Electrical and Electronics Engineers ({IEEE})},
}

@Misc{blanco2014nanoflann,
  author       = {Blanco, Jose Luis and Rai, Pranjal Kumar},
  title        = {nanoflann: a {C}++ header-only fork of {FLANN}, a library for Nearest Neighbor ({NN}) with KD-trees},
  howpublished = {\url{https://github.com/jlblancoc/nanoflann}},
  year         = {2014},
}

@Misc{eigenweb,
  author       = {Ga\"{e}l Guennebaud and Beno\^{i}t Jacob and others},
  title        = {Eigen v3},
  howpublished = {http://eigen.tuxfamily.org},
  year         = {2010},
}

@InProceedings{Ahnert2011,
  author    = {Karsten Ahnert and Mario Mulansky and Theodore E. Simos and George Psihoyios and Ch. Tsitouras and Zacharias Anastassi},
  title     = {Odeint {\textendash} {S}olving {O}rdinary {D}ifferential {E}quations in {C++}},
  year      = {2011},
  publisher = {{AIP}},
  doi       = {10.1063/1.3637934},
}

@Article{Mulansky2014,
  author    = {Mario Mulansky and Karsten Ahnert},
  title     = {Odeint library},
  journal   = {Scholarpedia},
  year      = {2014},
  volume    = {9},
  number    = {12},
  pages     = {32342},
  doi       = {10.4249/scholarpedia.32342},
  publisher = {Scholarpedia},
}

@Article{Friedman2014,
  author    = {Alex Friedman and Ronald H. Cohen and David P. Grote and Steven M. Lund and William M. Sharp and Jean-Luc Vay and Irving Haber and Rami A. Kishek},
  title     = {Computational Methods in the Warp Code Framework for Kinetic Simulations of Particle Beams and Plasmas},
  journal   = {{IEEE} Transactions on Plasma Science},
  year      = {2014},
  volume    = {42},
  number    = {5},
  pages     = {1321--1334},
  month     = {may},
  doi       = {10.1109/tps.2014.2308546},
  publisher = {Institute of Electrical and Electronics Engineers ({IEEE})},
}

@Article{Poole2012,
  author    = {C. M. Poole and I. Cornelius and J. V. Trapp and C. M. Langton},
  title     = {A {CAD} interface for {GEANT}4},
  journal   = {Australasian Physical {\&} Engineering Sciences in Medicine},
  year      = {2012},
  volume    = {35},
  number    = {3},
  pages     = {329--334},
  month     = {sep},
  doi       = {10.1007/s13246-012-0159-8},
  publisher = {Springer Nature},
}

@Misc{ansys2018,
  author    = {ANSYS, Inc},
  title     = {{ANSYS }, {M}axwell},
  url       = {https://www.ansys.com/fr-fr/products/electronics/ansys-maxwell},
  timestamp = {2019-03-27},
}

@Misc{comsol2018,
  author = {COMSOL, Inc},
  title  = {{COMSOL} {M}ultiphysics 5.3a {R}eference {M}anual},
  url    = {https://www.comsol.com/},
}

@Misc{cststudio2018,
  author    = {Dassault Systemes, Inc},
  title     = {{CST} {S}tudio {S}uite},
  url       = {https://www.cst.com/},
  timestamp = {2019-03-27},
}

@Misc{comsolacdc2018,
  author = {COMSOL, Inc},
  title  = {{COMSOL} {M}ultiphysics 5.3a {AC/DC} {M}odule {U}serâ€™s {G}uide},
  url    = {https://www.comsol.com/},
}

@Misc{lorentz2018,
  author = {INTEGRATED Engineering Software},
  title  = {Lorentz, a {C}harged {P}article {T}rajectory {S}olver},
  year   = {2018},
}

@Misc{couloumb2018,
  author = {INTEGRATED Engineering Software, Inc},
  title  = {{C}oulomb, a {3D} {E}lectric {F}ield {S}olver},
  year   = {2018},
  url    = {https://www.integratedsoft.com/Products/coulomb.aspx},
}

@Article{Kersevan2009,
  author    = {R. Kersevan and J.-L. Pons},
  title     = {Introduction to {MOLFLOW}$\mathplus$: New graphical processing unit-based Monte Carlo code for simulating molecular flows and for calculating angular coefficients in the compute unified device architecture environment},
  journal   = {Journal of Vacuum Science {\&} Technology A: Vacuum, Surfaces, and Films},
  year      = {2009},
  volume    = {27},
  number    = {4},
  pages     = {1017--1023},
  month     = {jul},
  doi       = {10.1116/1.3153280},
  publisher = {American Vacuum Society},
}

@Article{Biagi1989,
  author    = {S.F. Biagi},
  title     = {A multiterm Boltzmann analysis of drift velocity, diffusion, gain and magnetic-field effects in argon-methane-water-vapour mixtures},
  journal   = {Nuclear Instruments and Methods in Physics Research Section A: Accelerators, Spectrometers, Detectors and Associated Equipment},
  year      = {1989},
  volume    = {283},
  number    = {3},
  pages     = {716--722},
  month     = {nov},
  doi       = {10.1016/0168-9002(89)91446-0},
  publisher = {Elsevier {BV}},
}

@InCollection{Ziegler1985,
  author    = {James F. Ziegler and Jochen P. Biersack},
  title     = {The Stopping and Range of Ions in Matter},
  booktitle = {Treatise on Heavy-Ion Science},
  publisher = {Springer {US}},
  year      = {1985},
  pages     = {93--129},
  doi       = {10.1007/978-1-4615-8103-1_3},
}

@Misc{srim2013,
  author = {James F. Ziegler},
  title  = {SRIM2013 software},
  year   = {2013},
  url    = {http://www.srim.org/},
}

@WWW{mesh2013,
  author = {COMSOL, Inc},
  title  = {Meshing your geometry various element types},
  year   = {2013},
  url    = {https://www.comsol.com/blogs/meshing-your-geometry-various-element-types/},
}

@Comment{jabref-meta: databaseType:biblatex;}
